@article{deleeuw2008comparison,
  title={A comparison of three measures of cognitive load: Evidence for separable measures of intrinsic, extraneous, and germane load.},
  author={DeLeeuw, Krista E and Mayer, Richard E},
  journal={Journal of educational psychology},
  volume={100},
  number={1},
  pages={223},
  year={2008},
  publisher={American Psychological Association}
}

@article{sweller1994cognitive,
  title={Cognitive load theory, learning difficulty, and instructional design},
  author={Sweller, John},
  journal={Learning and instruction},
  volume={4},
  number={4},
  pages={295--312},
  year={1994},
  publisher={Elsevier}
}

@article{de2010cognitive,
  title={Cognitive load theory, educational research, and instructional design: some food for thought},
  author={De Jong, Ton},
  journal={Instructional science},
  volume={38},
  number={2},
  pages={105--134},
  year={2010},
  publisher={Springer}
}

@article{bainbridge2011benefits,
  title={The benefits of interactions with physically present robots over video-displayed agents},
  author={Bainbridge, Wilma A and Hart, Justin W and Kim, Elizabeth S and Scassellati, Brian},
  journal={International Journal of Social Robotics},
  volume={3},
  number={1},
  pages={41--52},
  year={2011},
  publisher={Springer}
}

@article{dehais2011physiological,
  title={Physiological and subjective evaluation of a human--robot object hand-over task},
  author={Dehais, Fr{\'e}d{\'e}ric and Sisbot, Emrah Akin and Alami, Rachid and Causse, Micka{\"e}l},
  journal={Applied ergonomics},
  volume={42},
  number={6},
  pages={785--791},
  year={2011},
  publisher={Elsevier}
}

@inproceedings{steinfeld2006common,
  title={Common metrics for human-robot interaction},
  author={Steinfeld, Aaron and Fong, Terrence and Kaber, David and Lewis, Michael and Scholtz, Jean and Schultz, Alan and Goodrich, Michael},
  booktitle={Proceedings of the 1st ACM SIGCHI/SIGART conference on Human-robot interaction},
  pages={33--40},
  year={2006},
  organization={ACM}
}

@article{paas2003cognitive,
  title={Cognitive load theory and instructional design: Recent developments},
  author={Paas, Fred and Renkl, Alexander and Sweller, John},
  journal={Educational psychologist},
  volume={38},
  number={1},
  pages={1--4},
  year={2003},
  publisher={Taylor \& Francis}
}

@incollection{hart1988development,
  title={Development of NASA-TLX (Task Load Index): Results of empirical and theoretical research},
  author={Hart, Sandra G and Staveland, Lowell E},
  booktitle={Advances in psychology},
  volume={52},
  pages={139--183},
  year={1988},
  publisher={Elsevier}
}

@inproceedings{shi2007galvanic,
  title={Galvanic skin response (GSR) as an index of cognitive load},
  author={Shi, Yu and Ruiz, Natalie and Taib, Ronnie and Choi, Eric and Chen, Fang},
  booktitle={CHI'07 extended abstracts on Human factors in computing systems},
  pages={2651--2656},
  year={2007},
  organization={ACM}
}

@article{ayres2006using,
  title={Using subjective measures to detect variations of intrinsic cognitive load within problems},
  author={Ayres, Paul},
  journal={Learning and instruction},
  volume={16},
  number={5},
  pages={389--400},
  year={2006},
  publisher={Elsevier}
}

@inproceedings{palinko2010estimating,
  title={Estimating cognitive load using remote eye tracking in a driving simulator},
  author={Palinko, Oskar and Kun, Andrew L and Shyrokov, Alexander and Heeman, Peter},
  booktitle={Proceedings of the 2010 symposium on eye-tracking research \& applications},
  pages={141--144},
  year={2010},
  organization={ACM}
}

@inproceedings{ikehara2005assessing,
  title={Assessing cognitive load with physiological sensors},
  author={Ikehara, Curtis S and Crosby, Martha E},
  booktitle={Proceedings of the 38th annual hawaii international conference on system sciences},
  pages={295a--295a},
  year={2005},
  organization={IEEE}
}
@article{partala2003pupil,
  title={Pupil size variation as an indication of affective processing},
  author={Partala, Timo and Surakka, Veikko},
  journal={International journal of human-computer studies},
  volume={59},
  number={1-2},
  pages={185--198},
  year={2003},
  publisher={Elsevier}
}
@inproceedings{nourbakhsh2012using,
  title={Using galvanic skin response for cognitive load measurement in arithmetic and reading tasks},
  author={Nourbakhsh, Nargess and Wang, Yang and Chen, Fang and Calvo, Rafael A},
  booktitle={Proceedings of the 24th Australian Computer-Human Interaction Conference},
  pages={420--423},
  year={2012},
  organization={ACM}
}

@misc{web:roomba,
  author = {iRobot},
  title = {Roomba Vaccum Robot},
  year = {2019},
  note = {Last accessed 22nd April 2019},
  url = {www.irobot.com}
}

@misc{web:alfawise,
  author = {alfawise},
  title = {Alfawise Magnetic},
  year = {2019},
  note = {Last accessed 22nd April 2019},
  url = {www.alfawise.com}
}

@article{mataric2007socially,
  title={Socially assistive robotics for post-stroke rehabilitation},
  author={Matari{\'c}, Maja J and Eriksson, Jon and Feil-Seifer, David J and Winstein, Carolee J},
  journal={Journal of NeuroEngineering and Rehabilitation},
  volume={4},
  number={1},
  pages={5},
  year={2007},
  publisher={BioMed Central}
}

@inproceedings{shamsuddin2012initial,
  title={Initial response of autistic children in human-robot interaction therapy with humanoid robot NAO},
  author={Shamsuddin, Syamimi and Yussof, Hanafiah and Ismail, Luthffi and Hanapiah, Fazah Akhtar and Mohamed, Salina and Piah, Hanizah Ali and Zahari, Nur Ismarrubie},
  booktitle={2012 IEEE 8th International Colloquium on Signal Processing and its Applications},
  pages={188--193},
  year={2012},
  organization={IEEE}
}

@misc{web:NaoRobot,
  author = {SoftBank Robotics},
  title = {Nao 6},
  year = {2019},
  note = {Last accessed 22nd April 2019},
  url = {www.softbankrobotics.com/emea/en/nao}
}